<?xml version="1.0" encoding="UTF-8"?><record xmlns="http://www.loc.gov/MARC21/slim" xmlns:cinclude="http://apache.org/cocoon/include/1.0" xmlns:zs="http://www.loc.gov/zing/srw/">
  <leader>00449cz  a2200133n  4500</leader>
  <controlfield tag="001">n 2007005285</controlfield>
  <controlfield tag="003">DLC</controlfield>
  <controlfield tag="005">20151027105508.0</controlfield>
  <controlfield tag="008">070123n| azannaabn          |n aaa      </controlfield>
  <datafield tag="010" ind1=" " ind2=" ">
    <subfield code="a">n 2007005285</subfield>
  </datafield>
  <datafield tag="040" ind1=" " ind2=" ">
    <subfield code="a">DLC</subfield>
    <subfield code="b">eng</subfield>
    <subfield code="c">DLC</subfield>
    <subfield code="e">rda</subfield>
    <subfield code="d">DLC</subfield>
  </datafield>
  <datafield tag="046" ind1=" " ind2=" ">
    <subfield code="f">19650325</subfield>
  </datafield>
  <datafield tag="100" ind1="1" ind2=" ">
    <subfield code="a">Reichle, Natasha,</subfield>
    <subfield code="d">1965-</subfield>
  </datafield>
  <datafield tag="670" ind1=" " ind2=" ">
    <subfield code="a">Reichle, Natasha. Violence and serenity, 2007:</subfield>
    <subfield code="b">E-CIP t.p. (Natasha Reichle) data view (b. March 25, 1965; Ph.D. from Univ. of California, Berkeley)</subfield>
  </datafield>
</record>